[gd_scene load_steps=3 format=2]

[ext_resource path="res://wns/start_menu/main_menu.gd" type="Script" id=1]
[ext_resource path="res://wns/assets/fonts/start_menu_title_font.tres" type="DynamicFont" id=2]

[node name="main_menu" type="Panel"]
margin_left = 604.0
margin_top = 238.0
margin_right = 1116.0
margin_bottom = 622.0
rect_min_size = Vector2( 512, 384 )
script = ExtResource( 1 )
__meta__ = {
"_edit_use_anchors_": false
}

[node name="menu_box" type="VBoxContainer" parent="."]
anchor_right = 1.0
anchor_bottom = 1.0
margin_left = 20.0
margin_top = 20.0
margin_right = -20.0
margin_bottom = -24.0
rect_min_size = Vector2( 472, 340 )
custom_constants/separation = 20
__meta__ = {
"_edit_use_anchors_": false
}

[node name="title" type="Label" parent="menu_box"]
margin_right = 472.0
margin_bottom = 72.0
grow_horizontal = 2
custom_fonts/font = ExtResource( 2 )
custom_colors/font_color = Color( 0.937255, 0.937255, 0.937255, 1 )
custom_colors/font_outline_modulate = Color( 0.298039, 0.298039, 0.298039, 1 )
text = "WARM AND SOFT	"
align = 1
valign = 1
__meta__ = {
"_edit_use_anchors_": false
}

[node name="play" type="Button" parent="menu_box"]
margin_top = 92.0
margin_right = 472.0
margin_bottom = 153.0
focus_neighbour_left = NodePath("../exit")
focus_neighbour_top = NodePath("../exit")
focus_neighbour_right = NodePath("../options")
focus_neighbour_bottom = NodePath("../options")
focus_next = NodePath("../options")
focus_previous = NodePath("../exit")
text = "play"

[node name="settings" type="Button" parent="menu_box"]
margin_top = 173.0
margin_right = 472.0
margin_bottom = 234.0
focus_neighbour_left = NodePath("../play")
focus_neighbour_top = NodePath("../play")
focus_neighbour_right = NodePath("../exit")
focus_neighbour_bottom = NodePath("../exit")
focus_next = NodePath("../exit")
focus_previous = NodePath("../play")
text = "settings"

[node name="h_separator" type="HSeparator" parent="menu_box"]
margin_top = 254.0
margin_right = 472.0
margin_bottom = 262.0

[node name="exit" type="Button" parent="menu_box"]
margin_top = 282.0
margin_right = 472.0
margin_bottom = 343.0
focus_neighbour_left = NodePath("../options")
focus_neighbour_top = NodePath("../options")
focus_neighbour_right = NodePath("../play")
focus_neighbour_bottom = NodePath("../play")
focus_next = NodePath("../play")
focus_previous = NodePath("../options")
text = "exit"

[connection signal="pressed" from="menu_box/play" to="." method="_on_play_pressed"]
[connection signal="pressed" from="menu_box/settings" to="." method="_on_settings_pressed"]
[connection signal="pressed" from="menu_box/exit" to="." method="_on_exit_pressed"]
